<?xml version="1.0" encoding="UTF-8"?><collection xmlns="http://www.loc.gov/MARC21/slim"><record><leader>00426nam--2200145-i-4500</leader><controlfield tag="001">000010579</controlfield><controlfield tag="002">20161230</controlfield><controlfield tag="005">20170208145546</controlfield><controlfield tag="008">060222s1000------------r-----000-0-eng-d</controlfield><datafield ind1=" " ind2=" " tag="100"><subfield code="a">Divisia, Bernadette</subfield></datafield><datafield ind1=" " ind2=" " tag="245"><subfield code="a">Les reactions du carbene anthronylidene avec quelques composes heterocycliques</subfield></datafield><datafield ind1=" " ind2=" " tag="260"><subfield code="a">Grenoble</subfield><subfield code="b">Faculte Des Sciences</subfield><subfield code="c">1970</subfield></datafield><datafield ind1=" " ind2=" " tag="300"><subfield code="a">89 p</subfield></datafield><datafield ind1=" " ind2=" " tag="852"><subfield code="a">015:547.7:541.124</subfield></datafield><datafield ind1=" " ind2=" " tag="CAT"><subfield code="a">SYS</subfield><subfield code="c">20170208</subfield><subfield code="h">145546</subfield></datafield></record></collection>